@manual{bozja_cestica,
    author 		=	{Leon Lederman and Dick Teresi},
    title 		=	{The God Particle},
    year 			=	{1993, 1997},
    publisher = {IZVORI},
}

@Manual{qga_scientists,
	author = 	 {Rafael Lahoz-Beltra},
  title = 	 {Quantum Genetic Algorithms for Computer Scientists},
  organization = {MDPI},
  publisher = {Department of Applied Mathematics (Biomathematics), Faculty of Biological Sciences, Complutense University of Madrid},
  year = 	 {2016},
  url = 	 {http://www.mdpi.com/2073-431X/5/4/24/pdf}
}

@Book{feynman,
  author = 	 {Richard P. Feynman},
  title = 	 {Simulating Physics with Computers},
  organization = {Plenum Publishing Corporation},
  publisher = 	 {Department of Physics, California Institute of Technology, Pasadena, California},
  year = 	 {1981},
  url = 	 {https://people.eecs.berkeley.edu/~christos/classics/Feynman.pdf}
}

@Book{history,
  author = 	 {Mika Hirvensalo},
  title = 	 {Quantum Computing},
  organization = {Springer Science & Business Media},
  publisher = 	 {Department of Mathematics, University of Turku, Finland},
  year = 	 {2014},
  url = 	 {https://books.google.hr/books?id=lAmrCAAAQBAJ&hl=hr}
}
